00578cas a22002291a 4500
001 9917698053502836
003 Nz
005 20190507165940.0
008 031222d1893uuuunz  r ne      0   a0eng d
035    $a (Nz)8138617
035    $a (NLNZils)1769805
035    $a (NLNZils)1769805-ilsdb
035    $a (OCoLC)1257554497
040    $a WN $c WN
042    $a nznb
043    $a u-nz---
130 0  $a Echo (Christchurch, N.Z.)
245 00 $a Echo.
260    $a Christchurch [N.Z.]
362 0  $a 1893?-?
651  0 $a Christchurch (N.Z.) $v Newspapers.
655  7 $a New Zealand newspapers. $2 local $5 Nz
